@book{Bishop:2006ui,
 Author = {Bishop, Christopher M.},
 Yitle = {Pattern Recognition and Machine Learning (Information Science and Statistics)},
 Year = {2006},
 Isbn = {0387310738},
 Publisher = {Springer-Verlag New York, Inc.},
 Address = {Secaucus, NJ, USA},
}

@article{Blei2017Review,
author = {David M. Blei and Alp Kucukelbir and Jon D. McAuliffe},
title = {Variational Inference: A Review for Statisticians},
journal = {Journal of the American Statistical Association},
volume = {112},
number = {518},
pages = {859-877},
year  = {2017},
publisher = {Taylor & Francis},
doi = {10.1080/01621459.2017.1285773},

URL = { 
        https://doi.org/10.1080/01621459.2017.1285773
    
},
eprint = { 
        https://doi.org/10.1080/01621459.2017.1285773
    
}

}

@inproceedings{salimans2015markov,
  title={Markov chain monte carlo and variational inference: Bridging the gap},
  author={Salimans, Tim and Kingma, Diederik and Welling, Max},
  booktitle={International Conference on Machine Learning},
  pages={1218--1226},
  year={2015}
}

@article{herbrich2005minimising,
  title={Minimising the kullback--leibler divergence},
  author={Herbrich, Ralf},
  year={2005}
}
@article{roberts1994simple,
  title={Simple conditions for the convergence of the Gibbs sampler and Metropolis-Hastings algorithms},
  author={Roberts, Gareth O and Smith, Adrian FM},
  journal={Stochastic processes and their applications},
  volume={49},
  number={2},
  pages={207--216},
  year={1994},
  publisher={Elsevier}
}

@misc{klasdDiv,
  title = {KL Divergence: Forward vs Reverse?},
  author = {Agustinus Kristiadi},
  howpublished = {\url{https://wiseodd.github.io/techblog/2016/12/21/forward-reverse-kl/}},
  note = {Accessed: 04-12-2018}
}

@manual{klDiv,
      title  = "KL Divergence: Forward vs Reverse?",
      author = "Agustinus Kristiadi",
      note   = "\url{https://wiseodd.github.io/techblog/2016/12/21/forward-reverse-kl}",
      year   = "2016"
    }
    
@article{zanella2018scalable,
  title={Scalable Importance Tempering and Bayesian Variable Selection},
  author={Zanella, Giacomo and Roberts, Gareth},
  journal={arXiv preprint arXiv:1805.00541},
  year={2018}
}